@misc{9PJHPCRS,
    author = "GmbH, Cloudflare Germany",
    howpublished = "\url{https://www.cloudflare.com/de-de/learning/access-management/what-is-the-remote-desktop-protocol/}",
    title = "Was ist das Remote Desktop Protocol (RDP)?",
    year = "2024"
}

@misc{8CHLH32N,
    author = "Cavegn, Roger and KSGR",
    howpublished = "\url{https://webbi/dokuwiki/doku.php?id=know-how:ivanti\_application\_control\&s[]=ivanti}",
    title = "Ivanti\_AppSense\_AM.pdf"
}

@misc{LPHK6T9X,
    author = "Ivanti, Inc",
    howpublished = "\url{https://www.ivanti.com/de/company/history/appsense}",
    title = "AppSense - Ivanti"
}

@misc{KFDFYH5H,
    author = "Graber, Michael and Cathomen, Roman and Leichtfried, Harald and Stein, Matthias and Frey, Christian and Ackermann, Claudio and Kienzle, Stefan",
    title = "KIS-Betriebshandbuch\_V0\_25.docx",
    year = "2021"
}

@misc{6H25Z3UI,
    author = "Corporation, Oracle",
    howpublished = "\url{https://www.java.com/de/download/help/whatis\_java.html}",
    title = "Was ist Java, und wozu brauche ich es?",
    year = "2023"
}

@misc{U4ZJDNI2,
    author = "Augsten, Stephan",
    howpublished = "\url{https://www.dev-insider.de/was-ist-jboss-bzw-wildfly-a-690249/}",
    title = "Was ist JBoss bzw. WildFly?",
    year = "2018"
}
