%! Author = itgramic
%! Date = 22.11.23

